@UNPUBLISHED{ fwjsStruct,
  title  = {Structural Typechecking for Featherweight Javascript},
  author =  {Thomas H. Austin and Caitlin Sadowski},
  note   = {Work from course project},
  year = 2009
}

@INPROCEEDINGS{ typeinferenceforjavascriptEcoop,
  booktitle = {19th European Conference on Object-Oriented Programming (ECOOP 2005), Glasgow, Scotland},
  title   = {Towards Type Inference for JavaScript},
  ISSN    = {0302-9743},
  ISBN    = {3-540-27992-X},
  author    = {Anderson, Christopher and Drossopoulou, Sophia and Giannini, Paola},
  pages   = {428--452},
  month   = {June},
  year    = {2005},
  url   = {http://pubs.doc.ic.ac.uk/typeinferenceforjavascript-ecoop/}
}

@ARTICLE{ typecheckingforjavascript,
  title   = {Type Checking for JavaScript},
  author    = {Anderson, Christopher and Giannini, Paola}
}

@ARTICLE{ typecheckingruby,
  title  = {Static Type Inference for Ruby},
  author = {Michael Furr and Jong-hoon (David) An and Jeffrey S. Foster and Michael Hicks},
  year   = 2009
}

@MISC{ closureCompiler,
  title   = {Google Closure Compiler},
  note    = {http://code.google.com/closure/compiler/} 
}
@BOOK{ cc2,
  title = {Code Complete (2nd Edition)},
  author = {Steve McConnell},
  publisher = {Microsoft Press},
  year = {2004}
}
